<record><leader>00000cas a22000007a 4500</leader><controlfield tag="001">10102142</controlfield><controlfield tag="008">831107d19081972ksuwr ne      0   a0eng d</controlfield><datafield ind1=" " ind2=" " tag="010"><subfield code="a">sn 83040770 </subfield></datafield><datafield ind1=" " ind2=" " tag="040"><subfield code="a">KSH</subfield><subfield code="b">eng</subfield><subfield code="c">KSH</subfield><subfield code="d">NPT</subfield><subfield code="d">OCLCQ</subfield></datafield><datafield ind1=" " ind2=" " tag="042"><subfield code="a">msc</subfield></datafield><datafield ind1=" " ind2=" " tag="043"><subfield code="a">n-us-ks</subfield></datafield><datafield ind1="0" ind2=" " tag="130"><subfield code="a">Minneola record (Minneola, Kan. : 1908)</subfield></datafield><datafield ind1="1" ind2="0" tag="245"><subfield code="a">Minneola record.</subfield></datafield><datafield ind1=" " ind2=" " tag="260"><subfield code="a">Minneola, Kan. :</subfield><subfield code="b">[J.E. Dancy],</subfield><subfield code="c">1908-1972.</subfield></datafield><datafield ind1=" " ind2=" " tag="300"><subfield code="a">64 v. :</subfield><subfield code="b">ill. ;</subfield><subfield code="c">45 cm.</subfield></datafield><datafield ind1=" " ind2=" " tag="310"><subfield code="a">Weekly</subfield></datafield><datafield ind1="0" ind2=" " tag="362"><subfield code="a">Vol. 1, no. 1 (Aug. 14, 1908)-v. 64, no. 54 (Oct. 26, 1972).</subfield></datafield><datafield ind1=" " ind2=" " tag="500"><subfield code="a">Imprint varies.</subfield></datafield><datafield ind1=" " ind2=" " tag="500"><subfield code="a">Includes the high school paper: The Purple and gold, Oct 6, 1927-May 9, 1929.</subfield></datafield><datafield ind1=" " ind2=" " tag="500"><subfield code="a">Published on Friday.</subfield></datafield><datafield ind1=" " ind2=" " tag="500"><subfield code="a">Editor: J.E. Dancy.</subfield></datafield><datafield ind1=" " ind2=" " tag="530"><subfield code="a">Available on microfilm from Micro Photo.</subfield></datafield><datafield ind1="1" ind2=" " tag="700"><subfield code="a">Dancy, J. E.</subfield><subfield code="q">(James Everet)</subfield></datafield><datafield ind1=" " ind2=" " tag="752"><subfield code="a">United States</subfield><subfield code="b">Kansas</subfield><subfield code="c">Clark</subfield><subfield code="d">Minneola.</subfield></datafield><datafield ind1="0" ind2="7" tag="785"><subfield code="t">Clark County clipper (Clark City, Kan. : 1884)</subfield><subfield code="w">(DLC)sn 83040790</subfield></datafield><datafield ind1="0" ind2="7" tag="785"><subfield code="t">Clark County clipper and the Minneola record</subfield><subfield code="w">(DLC)sn 83040788</subfield></datafield><datafield ind1="1" ind2=" " tag="029"><subfield code="a">AU@</subfield><subfield code="b">000020294984</subfield></datafield></record>